%YAML 1.1
%TAG !u! tag:unity3d.com,2011:
--- !u!64 &2665057311833056866
MeshCollider:
  m_ObjectHideFlags: 0
  m_CorrespondingSourceObject: {fileID: 0}
  m_PrefabInstance: {fileID: 0}
  m_PrefabAsset: {fileID: 0}
  m_GameObject: {fileID: 1533551821156100563}
  m_Material: {fileID: 0}
  m_IsTrigger: 0
  m_Enabled: 1
  serializedVersion: 4
  m_Convex: 1
  m_CookingOptions: 30
  m_Mesh: {fileID: 4444692882420636520, guid: dcbe838ef21247b448135915f11b2e8a, type: 3}
--- !u!64 &6608007856133799018
MeshCollider:
  m_ObjectHideFlags: 0
  m_CorrespondingSourceObject: {fileID: 0}
  m_PrefabInstance: {fileID: 0}
  m_PrefabAsset: {fileID: 0}
  m_GameObject: {fileID: 2924438370074961263}
  m_Material: {fileID: 0}
  m_IsTrigger: 0
  m_Enabled: 1
  serializedVersion: 4
  m_Convex: 1
  m_CookingOptions: 30
  m_Mesh: {fileID: 1151223987985109756, guid: 2b8903f3f6b9f544f8993164d97434ef, type: 3}
--- !u!114 &6711245957549478300
MonoBehaviour:
  m_ObjectHideFlags: 0
  m_CorrespondingSourceObject: {fileID: 0}
  m_PrefabInstance: {fileID: 0}
  m_PrefabAsset: {fileID: 0}
  m_GameObject: {fileID: 2924438370074961263}
  m_Enabled: 1
  m_EditorHideFlags: 0
  m_Script: {fileID: 11500000, guid: 85120cf7730a2434fb7b5c1ebca12070, type: 3}
  m_Name: 
  m_EditorClassIdentifier: 
  _target: {fileID: 2924438371148473591}
  _actionType: 1
  _directAnimationTimeRange:
    Start: 0
    End: 0
  _reverseAnimationTimeRange:
    Start: 0
    End: 0
  _isLoop: 0
  _lampGlassRenderer: {fileID: 0}
--- !u!95 &6608007855939248611
Animator:
  serializedVersion: 3
  m_ObjectHideFlags: 0
  m_CorrespondingSourceObject: {fileID: 0}
  m_PrefabInstance: {fileID: 0}
  m_PrefabAsset: {fileID: 0}
  m_GameObject: {fileID: 2924438370751920375}
  m_Enabled: 1
  m_Avatar: {fileID: 0}
  m_Controller: {fileID: 9100000, guid: 978d392d79d26a5408eb482304399bb4, type: 2}
  m_CullingMode: 0
  m_UpdateMode: 0
  m_ApplyRootMotion: 0
  m_LinearVelocityBlending: 0
  m_WarningMessage: 
  m_HasTransformHierarchy: 1
  m_AllowConstantClipSamplingOptimization: 1
  m_KeepAnimatorControllerStateOnDisable: 0
--- !u!114 &2139521210582704110
MonoBehaviour:
  m_ObjectHideFlags: 0
  m_CorrespondingSourceObject: {fileID: 0}
  m_PrefabInstance: {fileID: 0}
  m_PrefabAsset: {fileID: 0}
  m_GameObject: {fileID: 2924438370751920375}
  m_Enabled: 1
  m_EditorHideFlags: 0
  m_Script: {fileID: 11500000, guid: 216178b20c124c8eb833904b94bb098d, type: 3}
  m_Name: 
  m_EditorClassIdentifier: 
  _actionType: 1
  _directAnimationTimeRange:
    Start: 0
    End: 0
  _reverseAnimationTimeRange:
    Start: 0
    End: 0
--- !u!95 &6608007855803001769
Animator:
  serializedVersion: 3
  m_ObjectHideFlags: 0
  m_CorrespondingSourceObject: {fileID: 0}
  m_PrefabInstance: {fileID: 0}
  m_PrefabAsset: {fileID: 0}
  m_GameObject: {fileID: 2924438370886070957}
  m_Enabled: 1
  m_Avatar: {fileID: 0}
  m_Controller: {fileID: 9100000, guid: 323610d9434fa58439fea53736b73794, type: 2}
  m_CullingMode: 0
  m_UpdateMode: 0
  m_ApplyRootMotion: 0
  m_LinearVelocityBlending: 0
  m_WarningMessage: 
  m_HasTransformHierarchy: 1
  m_AllowConstantClipSamplingOptimization: 1
  m_KeepAnimatorControllerStateOnDisable: 0
--- !u!114 &3384459669211964589
MonoBehaviour:
  m_ObjectHideFlags: 0
  m_CorrespondingSourceObject: {fileID: 0}
  m_PrefabInstance: {fileID: 0}
  m_PrefabAsset: {fileID: 0}
  m_GameObject: {fileID: 2924438370886070957}
  m_Enabled: 1
  m_EditorHideFlags: 0
  m_Script: {fileID: 11500000, guid: 216178b20c124c8eb833904b94bb098d, type: 3}
  m_Name: 
  m_EditorClassIdentifier: 
  _actionType: 1
  _directAnimationTimeRange:
    Start: 0
    End: 0
  _reverseAnimationTimeRange:
    Start: 0
    End: 0
--- !u!95 &6608007855060352483
Animator:
  serializedVersion: 3
  m_ObjectHideFlags: 0
  m_CorrespondingSourceObject: {fileID: 0}
  m_PrefabInstance: {fileID: 0}
  m_PrefabAsset: {fileID: 0}
  m_GameObject: {fileID: 2924438371148473591}
  m_Enabled: 1
  m_Avatar: {fileID: 0}
  m_Controller: {fileID: 9100000, guid: 6a5cec50a01b0fe4da7c7c4b2f2c1a79, type: 2}
  m_CullingMode: 0
  m_UpdateMode: 0
  m_ApplyRootMotion: 0
  m_LinearVelocityBlending: 0
  m_WarningMessage: 
  m_HasTransformHierarchy: 1
  m_AllowConstantClipSamplingOptimization: 1
  m_KeepAnimatorControllerStateOnDisable: 0
--- !u!114 &1890752164511574476
MonoBehaviour:
  m_ObjectHideFlags: 0
  m_CorrespondingSourceObject: {fileID: 0}
  m_PrefabInstance: {fileID: 0}
  m_PrefabAsset: {fileID: 0}
  m_GameObject: {fileID: 2924438371148473591}
  m_Enabled: 1
  m_EditorHideFlags: 0
  m_Script: {fileID: 11500000, guid: 216178b20c124c8eb833904b94bb098d, type: 3}
  m_Name: 
  m_EditorClassIdentifier: 
  _actionType: 1
  _directAnimationTimeRange:
    Start: 0
    End: 0
  _reverseAnimationTimeRange:
    Start: 0
    End: 0
--- !u!95 &6608007855334040227
Animator:
  serializedVersion: 3
  m_ObjectHideFlags: 0
  m_CorrespondingSourceObject: {fileID: 0}
  m_PrefabInstance: {fileID: 0}
  m_PrefabAsset: {fileID: 0}
  m_GameObject: {fileID: 2924438371354966967}
  m_Enabled: 1
  m_Avatar: {fileID: 0}
  m_Controller: {fileID: 9100000, guid: be994052085b255499fd99b9fae38dfc, type: 2}
  m_CullingMode: 0
  m_UpdateMode: 0
  m_ApplyRootMotion: 0
  m_LinearVelocityBlending: 0
  m_WarningMessage: 
  m_HasTransformHierarchy: 1
  m_AllowConstantClipSamplingOptimization: 1
  m_KeepAnimatorControllerStateOnDisable: 0
--- !u!114 &2413421022770468620
MonoBehaviour:
  m_ObjectHideFlags: 0
  m_CorrespondingSourceObject: {fileID: 0}
  m_PrefabInstance: {fileID: 0}
  m_PrefabAsset: {fileID: 0}
  m_GameObject: {fileID: 2924438371354966967}
  m_Enabled: 1
  m_EditorHideFlags: 0
  m_Script: {fileID: 11500000, guid: 216178b20c124c8eb833904b94bb098d, type: 3}
  m_Name: 
  m_EditorClassIdentifier: 
  _actionType: 1
  _directAnimationTimeRange:
    Start: 0
    End: 0
  _reverseAnimationTimeRange:
    Start: 0
    End: 0
--- !u!64 &7084320888097471062
MeshCollider:
  m_ObjectHideFlags: 0
  m_CorrespondingSourceObject: {fileID: 0}
  m_PrefabInstance: {fileID: 0}
  m_PrefabAsset: {fileID: 0}
  m_GameObject: {fileID: 6211921375448898679}
  m_Material: {fileID: 0}
  m_IsTrigger: 0
  m_Enabled: 1
  serializedVersion: 4
  m_Convex: 1
  m_CookingOptions: 30
  m_Mesh: {fileID: 5319935946256512618, guid: 95a799bfda118db429f28f7a316a8a4e, type: 3}
--- !u!64 &7424642925282084721
MeshCollider:
  m_ObjectHideFlags: 0
  m_CorrespondingSourceObject: {fileID: 0}
  m_PrefabInstance: {fileID: 0}
  m_PrefabAsset: {fileID: 0}
  m_GameObject: {fileID: 6211921375784097133}
  m_Material: {fileID: 0}
  m_IsTrigger: 0
  m_Enabled: 1
  serializedVersion: 4
  m_Convex: 1
  m_CookingOptions: 30
  m_Mesh: {fileID: 5319935946256512618, guid: 0d47136088c48ab4b978ec7321c9b7d8, type: 3}
--- !u!64 &376796560112994402
MeshCollider:
  m_ObjectHideFlags: 0
  m_CorrespondingSourceObject: {fileID: 0}
  m_PrefabInstance: {fileID: 0}
  m_PrefabAsset: {fileID: 0}
  m_GameObject: {fileID: 6211921375919824695}
  m_Material: {fileID: 0}
  m_IsTrigger: 0
  m_Enabled: 1
  serializedVersion: 4
  m_Convex: 1
  m_CookingOptions: 30
  m_Mesh: {fileID: 5319935946256512618, guid: d0fa1b2b7e6e2014db2f4cb1f000cca5, type: 3}
--- !u!1 &6608007854445298435
GameObject:
  m_ObjectHideFlags: 0
  m_CorrespondingSourceObject: {fileID: 0}
  m_PrefabInstance: {fileID: 0}
  m_PrefabAsset: {fileID: 0}
  serializedVersion: 6
  m_Component:
  - component: {fileID: 6608007854445298434}
  m_Layer: 0
  m_Name: G2_WC
  m_TagString: Untagged
  m_Icon: {fileID: 0}
  m_NavMeshLayer: 0
  m_StaticEditorFlags: 0
  m_IsActive: 1
--- !u!4 &6608007854445298434
Transform:
  m_ObjectHideFlags: 0
  m_CorrespondingSourceObject: {fileID: 0}
  m_PrefabInstance: {fileID: 0}
  m_PrefabAsset: {fileID: 0}
  m_GameObject: {fileID: 6608007854445298435}
  m_LocalRotation: {x: 0, y: 0.7071068, z: 0, w: 0.70710677}
  m_LocalPosition: {x: -11.988343, y: 0, z: 17.941334}
  m_LocalScale: {x: 1, y: 1, z: 1}
  m_Children:
  - {fileID: 6608007854883861258}
  - {fileID: 2219967770402376420}
  - {fileID: 2219967770269401278}
  - {fileID: 2219967769799330212}
  - {fileID: 2219967769473275620}
  - {fileID: 3568995694981588691}
  - {fileID: 1135413618425701694}
  - {fileID: 4840106208492618887}
  m_Father: {fileID: 0}
  m_RootOrder: 0
  m_LocalEulerAnglesHint: {x: 0, y: 90.00001, z: 0}
--- !u!1 &6608007854883861259
GameObject:
  m_ObjectHideFlags: 0
  m_CorrespondingSourceObject: {fileID: 0}
  m_PrefabInstance: {fileID: 0}
  m_PrefabAsset: {fileID: 0}
  serializedVersion: 6
  m_Component:
  - component: {fileID: 6608007854883861258}
  m_Layer: 9
  m_Name: Icons
  m_TagString: Untagged
  m_Icon: {fileID: 0}
  m_NavMeshLayer: 0
  m_StaticEditorFlags: 0
  m_IsActive: 1
--- !u!4 &6608007854883861258
Transform:
  m_ObjectHideFlags: 0
  m_CorrespondingSourceObject: {fileID: 0}
  m_PrefabInstance: {fileID: 0}
  m_PrefabAsset: {fileID: 0}
  m_GameObject: {fileID: 6608007854883861259}
  m_LocalRotation: {x: -0, y: -0.7071068, z: -0, w: 0.7071068}
  m_LocalPosition: {x: 17.941338, y: 0, z: 11.988348}
  m_LocalScale: {x: 1, y: 1, z: 1}
  m_Children:
  - {fileID: 2219967770546788220}
  m_Father: {fileID: 6608007854445298434}
  m_RootOrder: 0
  m_LocalEulerAnglesHint: {x: 0, y: 0, z: 0}
--- !u!1001 &455204674602282909
PrefabInstance:
  m_ObjectHideFlags: 0
  serializedVersion: 2
  m_Modification:
    m_TransformParent: {fileID: 6608007854445298434}
    m_Modifications:
    - target: {fileID: -4216859302048453862, guid: 4f1e4fd417aa2634fbde8f45f0881074,
        type: 3}
      propertyPath: m_LocalPosition.x
      value: -26.15
      objectReference: {fileID: 0}
    - target: {fileID: -4216859302048453862, guid: 4f1e4fd417aa2634fbde8f45f0881074,
        type: 3}
      propertyPath: m_LocalPosition.y
      value: 0
      objectReference: {fileID: 0}
    - target: {fileID: -4216859302048453862, guid: 4f1e4fd417aa2634fbde8f45f0881074,
        type: 3}
      propertyPath: m_LocalPosition.z
      value: 0
      objectReference: {fileID: 0}
    - target: {fileID: -4216859302048453862, guid: 4f1e4fd417aa2634fbde8f45f0881074,
        type: 3}
      propertyPath: m_LocalRotation.x
      value: 0
      objectReference: {fileID: 0}
    - target: {fileID: -4216859302048453862, guid: 4f1e4fd417aa2634fbde8f45f0881074,
        type: 3}
      propertyPath: m_LocalRotation.y
      value: 1
      objectReference: {fileID: 0}
    - target: {fileID: -4216859302048453862, guid: 4f1e4fd417aa2634fbde8f45f0881074,
        type: 3}
      propertyPath: m_LocalRotation.z
      value: 0
      objectReference: {fileID: 0}
    - target: {fileID: -4216859302048453862, guid: 4f1e4fd417aa2634fbde8f45f0881074,
        type: 3}
      propertyPath: m_LocalRotation.w
      value: 0
      objectReference: {fileID: 0}
    - target: {fileID: -4216859302048453862, guid: 4f1e4fd417aa2634fbde8f45f0881074,
        type: 3}
      propertyPath: m_RootOrder
      value: 7
      objectReference: {fileID: 0}
    - target: {fileID: -4216859302048453862, guid: 4f1e4fd417aa2634fbde8f45f0881074,
        type: 3}
      propertyPath: m_LocalEulerAnglesHint.x
      value: 0
      objectReference: {fileID: 0}
    - target: {fileID: -4216859302048453862, guid: 4f1e4fd417aa2634fbde8f45f0881074,
        type: 3}
      propertyPath: m_LocalEulerAnglesHint.y
      value: 180
      objectReference: {fileID: 0}
    - target: {fileID: -4216859302048453862, guid: 4f1e4fd417aa2634fbde8f45f0881074,
        type: 3}
      propertyPath: m_LocalEulerAnglesHint.z
      value: 0
      objectReference: {fileID: 0}
    - target: {fileID: -4216859302048453862, guid: 4f1e4fd417aa2634fbde8f45f0881074,
        type: 3}
      propertyPath: m_LocalScale.x
      value: 1
      objectReference: {fileID: 0}
    - target: {fileID: -4216859302048453862, guid: 4f1e4fd417aa2634fbde8f45f0881074,
        type: 3}
      propertyPath: m_LocalScale.z
      value: 1
      objectReference: {fileID: 0}
    - target: {fileID: -927199367670048503, guid: 4f1e4fd417aa2634fbde8f45f0881074,
        type: 3}
      propertyPath: m_Name
      value: G2_WC (1)
      objectReference: {fileID: 0}
    - target: {fileID: -927199367670048503, guid: 4f1e4fd417aa2634fbde8f45f0881074,
        type: 3}
      propertyPath: m_StaticEditorFlags
      value: 0
      objectReference: {fileID: 0}
    m_RemovedComponents: []
  m_SourcePrefab: {fileID: 100100000, guid: 4f1e4fd417aa2634fbde8f45f0881074, type: 3}
--- !u!4 &4840106208492618887 stripped
Transform:
  m_CorrespondingSourceObject: {fileID: -4216859302048453862, guid: 4f1e4fd417aa2634fbde8f45f0881074,
    type: 3}
  m_PrefabInstance: {fileID: 455204674602282909}
  m_PrefabAsset: {fileID: 0}
--- !u!1001 &5335676273111774492
PrefabInstance:
  m_ObjectHideFlags: 0
  serializedVersion: 2
  m_Modification:
    m_TransformParent: {fileID: 6608007854445298434}
    m_Modifications:
    - target: {fileID: 5029937936983461922, guid: 7f34406c7520a3144bcf139e4034418c,
        type: 3}
      propertyPath: m_LocalPosition.x
      value: 0
      objectReference: {fileID: 0}
    - target: {fileID: 5029937936983461922, guid: 7f34406c7520a3144bcf139e4034418c,
        type: 3}
      propertyPath: m_LocalPosition.y
      value: 0
      objectReference: {fileID: 0}
    - target: {fileID: 5029937936983461922, guid: 7f34406c7520a3144bcf139e4034418c,
        type: 3}
      propertyPath: m_LocalPosition.z
      value: 0
      objectReference: {fileID: 0}
    - target: {fileID: 5029937936983461922, guid: 7f34406c7520a3144bcf139e4034418c,
        type: 3}
      propertyPath: m_LocalRotation.x
      value: 0
      objectReference: {fileID: 0}
    - target: {fileID: 5029937936983461922, guid: 7f34406c7520a3144bcf139e4034418c,
        type: 3}
      propertyPath: m_LocalRotation.y
      value: 0
      objectReference: {fileID: 0}
    - target: {fileID: 5029937936983461922, guid: 7f34406c7520a3144bcf139e4034418c,
        type: 3}
      propertyPath: m_LocalRotation.z
      value: 0
      objectReference: {fileID: 0}
    - target: {fileID: 5029937936983461922, guid: 7f34406c7520a3144bcf139e4034418c,
        type: 3}
      propertyPath: m_LocalRotation.w
      value: 1
      objectReference: {fileID: 0}
    - target: {fileID: 5029937936983461922, guid: 7f34406c7520a3144bcf139e4034418c,
        type: 3}
      propertyPath: m_RootOrder
      value: 6
      objectReference: {fileID: 0}
    - target: {fileID: 5029937936983461922, guid: 7f34406c7520a3144bcf139e4034418c,
        type: 3}
      propertyPath: m_LocalEulerAnglesHint.x
      value: 0
      objectReference: {fileID: 0}
    - target: {fileID: 5029937936983461922, guid: 7f34406c7520a3144bcf139e4034418c,
        type: 3}
      propertyPath: m_LocalEulerAnglesHint.y
      value: 0
      objectReference: {fileID: 0}
    - target: {fileID: 5029937936983461922, guid: 7f34406c7520a3144bcf139e4034418c,
        type: 3}
      propertyPath: m_LocalEulerAnglesHint.z
      value: 0
      objectReference: {fileID: 0}
    - target: {fileID: 8514308695855732952, guid: 7f34406c7520a3144bcf139e4034418c,
        type: 3}
      propertyPath: m_Name
      value: WC_Light
      objectReference: {fileID: 0}
    - target: {fileID: 9031680223155946812, guid: 7f34406c7520a3144bcf139e4034418c,
        type: 3}
      propertyPath: m_Intensity
      value: 2000
      objectReference: {fileID: 0}
    - target: {fileID: 9031680223155946813, guid: 7f34406c7520a3144bcf139e4034418c,
        type: 3}
      propertyPath: m_Intensity
      value: 11139.9795
      objectReference: {fileID: 0}
    - target: {fileID: 9031680223155946814, guid: 7f34406c7520a3144bcf139e4034418c,
        type: 3}
      propertyPath: m_LocalPosition.x
      value: -11.27
      objectReference: {fileID: 0}
    - target: {fileID: 9031680223155946814, guid: 7f34406c7520a3144bcf139e4034418c,
        type: 3}
      propertyPath: m_LocalPosition.z
      value: -0.314
      objectReference: {fileID: 0}
    - target: {fileID: 9031680224095342659, guid: 7f34406c7520a3144bcf139e4034418c,
        type: 3}
      propertyPath: m_Intensity
      value: 2000
      objectReference: {fileID: 0}
    - target: {fileID: 9031680224095342660, guid: 7f34406c7520a3144bcf139e4034418c,
        type: 3}
      propertyPath: m_Intensity
      value: 14579.353
      objectReference: {fileID: 0}
    - target: {fileID: 9031680224095342661, guid: 7f34406c7520a3144bcf139e4034418c,
        type: 3}
      propertyPath: m_LocalPosition.x
      value: -10.476
      objectReference: {fileID: 0}
    - target: {fileID: 9031680224095342661, guid: 7f34406c7520a3144bcf139e4034418c,
        type: 3}
      propertyPath: m_LocalPosition.z
      value: 0.332
      objectReference: {fileID: 0}
    m_RemovedComponents: []
  m_SourcePrefab: {fileID: 100100000, guid: 7f34406c7520a3144bcf139e4034418c, type: 3}
--- !u!4 &1135413618425701694 stripped
Transform:
  m_CorrespondingSourceObject: {fileID: 5029937936983461922, guid: 7f34406c7520a3144bcf139e4034418c,
    type: 3}
  m_PrefabInstance: {fileID: 5335676273111774492}
  m_PrefabAsset: {fileID: 0}
--- !u!1001 &6608007855060352510
PrefabInstance:
  m_ObjectHideFlags: 0
  serializedVersion: 2
  m_Modification:
    m_TransformParent: {fileID: 6608007854445298434}
    m_Modifications:
    - target: {fileID: -5061747305748748583, guid: dcbe838ef21247b448135915f11b2e8a,
        type: 3}
      propertyPath: m_LocalEulerAnglesHint.y
      value: -2.843467e-15
      objectReference: {fileID: 0}
    - target: {fileID: -4216859302048453862, guid: dcbe838ef21247b448135915f11b2e8a,
        type: 3}
      propertyPath: m_LocalPosition.x
      value: 0
      objectReference: {fileID: 0}
    - target: {fileID: -4216859302048453862, guid: dcbe838ef21247b448135915f11b2e8a,
        type: 3}
      propertyPath: m_LocalPosition.y
      value: 0
      objectReference: {fileID: 0}
    - target: {fileID: -4216859302048453862, guid: dcbe838ef21247b448135915f11b2e8a,
        type: 3}
      propertyPath: m_LocalPosition.z
      value: 0
      objectReference: {fileID: 0}
    - target: {fileID: -4216859302048453862, guid: dcbe838ef21247b448135915f11b2e8a,
        type: 3}
      propertyPath: m_LocalRotation.x
      value: -0
      objectReference: {fileID: 0}
    - target: {fileID: -4216859302048453862, guid: dcbe838ef21247b448135915f11b2e8a,
        type: 3}
      propertyPath: m_LocalRotation.y
      value: -0
      objectReference: {fileID: 0}
    - target: {fileID: -4216859302048453862, guid: dcbe838ef21247b448135915f11b2e8a,
        type: 3}
      propertyPath: m_LocalRotation.z
      value: -0
      objectReference: {fileID: 0}
    - target: {fileID: -4216859302048453862, guid: dcbe838ef21247b448135915f11b2e8a,
        type: 3}
      propertyPath: m_LocalRotation.w
      value: 1
      objectReference: {fileID: 0}
    - target: {fileID: -4216859302048453862, guid: dcbe838ef21247b448135915f11b2e8a,
        type: 3}
      propertyPath: m_RootOrder
      value: 4
      objectReference: {fileID: 0}
    - target: {fileID: -4216859302048453862, guid: dcbe838ef21247b448135915f11b2e8a,
        type: 3}
      propertyPath: m_LocalEulerAnglesHint.x
      value: 0
      objectReference: {fileID: 0}
    - target: {fileID: -4216859302048453862, guid: dcbe838ef21247b448135915f11b2e8a,
        type: 3}
      propertyPath: m_LocalEulerAnglesHint.y
      value: 0
      objectReference: {fileID: 0}
    - target: {fileID: -4216859302048453862, guid: dcbe838ef21247b448135915f11b2e8a,
        type: 3}
      propertyPath: m_LocalEulerAnglesHint.z
      value: 0
      objectReference: {fileID: 0}
    - target: {fileID: -3531920091795598291, guid: dcbe838ef21247b448135915f11b2e8a,
        type: 3}
      propertyPath: m_Layer
      value: 9
      objectReference: {fileID: 0}
    - target: {fileID: -927199367670048503, guid: dcbe838ef21247b448135915f11b2e8a,
        type: 3}
      propertyPath: m_Name
      value: anm_Babytable
      objectReference: {fileID: 0}
    - target: {fileID: 7225125333582489339, guid: dcbe838ef21247b448135915f11b2e8a,
        type: 3}
      propertyPath: m_LocalEulerAnglesHint.x
      value: 89.81205
      objectReference: {fileID: 0}
    - target: {fileID: 7225125333582489339, guid: dcbe838ef21247b448135915f11b2e8a,
        type: 3}
      propertyPath: m_LocalEulerAnglesHint.y
      value: 0
      objectReference: {fileID: 0}
    - target: {fileID: 7225125333582489339, guid: dcbe838ef21247b448135915f11b2e8a,
        type: 3}
      propertyPath: m_LocalEulerAnglesHint.z
      value: 0
      objectReference: {fileID: 0}
    m_RemovedComponents: []
  m_SourcePrefab: {fileID: 100100000, guid: dcbe838ef21247b448135915f11b2e8a, type: 3}
--- !u!1 &1533551821156100563 stripped
GameObject:
  m_CorrespondingSourceObject: {fileID: -3531920091795598291, guid: dcbe838ef21247b448135915f11b2e8a,
    type: 3}
  m_PrefabInstance: {fileID: 6608007855060352510}
  m_PrefabAsset: {fileID: 0}
--- !u!1 &2924438371148473591 stripped
GameObject:
  m_CorrespondingSourceObject: {fileID: -927199367670048503, guid: dcbe838ef21247b448135915f11b2e8a,
    type: 3}
  m_PrefabInstance: {fileID: 6608007855060352510}
  m_PrefabAsset: {fileID: 0}
--- !u!4 &2219967769473275620 stripped
Transform:
  m_CorrespondingSourceObject: {fileID: -4216859302048453862, guid: dcbe838ef21247b448135915f11b2e8a,
    type: 3}
  m_PrefabInstance: {fileID: 6608007855060352510}
  m_PrefabAsset: {fileID: 0}
--- !u!1001 &6608007855334040254
PrefabInstance:
  m_ObjectHideFlags: 0
  serializedVersion: 2
  m_Modification:
    m_TransformParent: {fileID: 6608007854445298434}
    m_Modifications:
    - target: {fileID: -6067222734196223458, guid: 95a799bfda118db429f28f7a316a8a4e,
        type: 3}
      propertyPath: m_LocalEulerAnglesHint.z
      value: 0
      objectReference: {fileID: 0}
    - target: {fileID: -4216859302048453862, guid: 95a799bfda118db429f28f7a316a8a4e,
        type: 3}
      propertyPath: m_LocalPosition.x
      value: -10.756604
      objectReference: {fileID: 0}
    - target: {fileID: -4216859302048453862, guid: 95a799bfda118db429f28f7a316a8a4e,
        type: 3}
      propertyPath: m_LocalPosition.y
      value: 0
      objectReference: {fileID: 0}
    - target: {fileID: -4216859302048453862, guid: 95a799bfda118db429f28f7a316a8a4e,
        type: 3}
      propertyPath: m_LocalPosition.z
      value: -0.4300747
      objectReference: {fileID: 0}
    - target: {fileID: -4216859302048453862, guid: 95a799bfda118db429f28f7a316a8a4e,
        type: 3}
      propertyPath: m_LocalRotation.x
      value: -0
      objectReference: {fileID: 0}
    - target: {fileID: -4216859302048453862, guid: 95a799bfda118db429f28f7a316a8a4e,
        type: 3}
      propertyPath: m_LocalRotation.y
      value: -0
      objectReference: {fileID: 0}
    - target: {fileID: -4216859302048453862, guid: 95a799bfda118db429f28f7a316a8a4e,
        type: 3}
      propertyPath: m_LocalRotation.z
      value: -0
      objectReference: {fileID: 0}
    - target: {fileID: -4216859302048453862, guid: 95a799bfda118db429f28f7a316a8a4e,
        type: 3}
      propertyPath: m_LocalRotation.w
      value: 1
      objectReference: {fileID: 0}
    - target: {fileID: -4216859302048453862, guid: 95a799bfda118db429f28f7a316a8a4e,
        type: 3}
      propertyPath: m_RootOrder
      value: 3
      objectReference: {fileID: 0}
    - target: {fileID: -4216859302048453862, guid: 95a799bfda118db429f28f7a316a8a4e,
        type: 3}
      propertyPath: m_LocalEulerAnglesHint.x
      value: 0
      objectReference: {fileID: 0}
    - target: {fileID: -4216859302048453862, guid: 95a799bfda118db429f28f7a316a8a4e,
        type: 3}
      propertyPath: m_LocalEulerAnglesHint.y
      value: 0
      objectReference: {fileID: 0}
    - target: {fileID: -4216859302048453862, guid: 95a799bfda118db429f28f7a316a8a4e,
        type: 3}
      propertyPath: m_LocalEulerAnglesHint.z
      value: 0
      objectReference: {fileID: 0}
    - target: {fileID: -2184647775868498043, guid: 95a799bfda118db429f28f7a316a8a4e,
        type: 3}
      propertyPath: m_LocalEulerAnglesHint.y
      value: 0
      objectReference: {fileID: 0}
    - target: {fileID: -927199367670048503, guid: 95a799bfda118db429f28f7a316a8a4e,
        type: 3}
      propertyPath: m_Name
      value: anm_DoorWC_Shower
      objectReference: {fileID: 0}
    - target: {fileID: 973184021362425545, guid: 95a799bfda118db429f28f7a316a8a4e,
        type: 3}
      propertyPath: m_Layer
      value: 9
      objectReference: {fileID: 0}
    m_RemovedComponents: []
  m_SourcePrefab: {fileID: 100100000, guid: 95a799bfda118db429f28f7a316a8a4e, type: 3}
--- !u!4 &2219967769799330212 stripped
Transform:
  m_CorrespondingSourceObject: {fileID: -4216859302048453862, guid: 95a799bfda118db429f28f7a316a8a4e,
    type: 3}
  m_PrefabInstance: {fileID: 6608007855334040254}
  m_PrefabAsset: {fileID: 0}
--- !u!1 &2924438371354966967 stripped
GameObject:
  m_CorrespondingSourceObject: {fileID: -927199367670048503, guid: 95a799bfda118db429f28f7a316a8a4e,
    type: 3}
  m_PrefabInstance: {fileID: 6608007855334040254}
  m_PrefabAsset: {fileID: 0}
--- !u!1 &6211921375448898679 stripped
GameObject:
  m_CorrespondingSourceObject: {fileID: 973184021362425545, guid: 95a799bfda118db429f28f7a316a8a4e,
    type: 3}
  m_PrefabInstance: {fileID: 6608007855334040254}
  m_PrefabAsset: {fileID: 0}
--- !u!1001 &6608007855803001764
PrefabInstance:
  m_ObjectHideFlags: 0
  serializedVersion: 2
  m_Modification:
    m_TransformParent: {fileID: 6608007854445298434}
    m_Modifications:
    - target: {fileID: -6067222734196223458, guid: 0d47136088c48ab4b978ec7321c9b7d8,
        type: 3}
      propertyPath: m_LocalEulerAnglesHint.z
      value: -0.14208812
      objectReference: {fileID: 0}
    - target: {fileID: -6067222734196223458, guid: 0d47136088c48ab4b978ec7321c9b7d8,
        type: 3}
      propertyPath: m_LocalEulerAnglesHint.x
      value: -1.4948301e-31
      objectReference: {fileID: 0}
    - target: {fileID: -6067222734196223458, guid: 0d47136088c48ab4b978ec7321c9b7d8,
        type: 3}
      propertyPath: m_LocalEulerAnglesHint.y
      value: 2.0126905e-15
      objectReference: {fileID: 0}
    - target: {fileID: -4216859302048453862, guid: 0d47136088c48ab4b978ec7321c9b7d8,
        type: 3}
      propertyPath: m_LocalPosition.x
      value: -11.726453
      objectReference: {fileID: 0}
    - target: {fileID: -4216859302048453862, guid: 0d47136088c48ab4b978ec7321c9b7d8,
        type: 3}
      propertyPath: m_LocalPosition.y
      value: 0
      objectReference: {fileID: 0}
    - target: {fileID: -4216859302048453862, guid: 0d47136088c48ab4b978ec7321c9b7d8,
        type: 3}
      propertyPath: m_LocalPosition.z
      value: 0.42709923
      objectReference: {fileID: 0}
    - target: {fileID: -4216859302048453862, guid: 0d47136088c48ab4b978ec7321c9b7d8,
        type: 3}
      propertyPath: m_LocalRotation.x
      value: -0
      objectReference: {fileID: 0}
    - target: {fileID: -4216859302048453862, guid: 0d47136088c48ab4b978ec7321c9b7d8,
        type: 3}
      propertyPath: m_LocalRotation.y
      value: -1
      objectReference: {fileID: 0}
    - target: {fileID: -4216859302048453862, guid: 0d47136088c48ab4b978ec7321c9b7d8,
        type: 3}
      propertyPath: m_LocalRotation.z
      value: -0
      objectReference: {fileID: 0}
    - target: {fileID: -4216859302048453862, guid: 0d47136088c48ab4b978ec7321c9b7d8,
        type: 3}
      propertyPath: m_LocalRotation.w
      value: 0
      objectReference: {fileID: 0}
    - target: {fileID: -4216859302048453862, guid: 0d47136088c48ab4b978ec7321c9b7d8,
        type: 3}
      propertyPath: m_RootOrder
      value: 2
      objectReference: {fileID: 0}
    - target: {fileID: -4216859302048453862, guid: 0d47136088c48ab4b978ec7321c9b7d8,
        type: 3}
      propertyPath: m_LocalEulerAnglesHint.x
      value: 0
      objectReference: {fileID: 0}
    - target: {fileID: -4216859302048453862, guid: 0d47136088c48ab4b978ec7321c9b7d8,
        type: 3}
      propertyPath: m_LocalEulerAnglesHint.y
      value: 0
      objectReference: {fileID: 0}
    - target: {fileID: -4216859302048453862, guid: 0d47136088c48ab4b978ec7321c9b7d8,
        type: 3}
      propertyPath: m_LocalEulerAnglesHint.z
      value: 0
      objectReference: {fileID: 0}
    - target: {fileID: -2184647775868498043, guid: 0d47136088c48ab4b978ec7321c9b7d8,
        type: 3}
      propertyPath: m_LocalEulerAnglesHint.y
      value: 75.78289
      objectReference: {fileID: 0}
    - target: {fileID: -927199367670048503, guid: 0d47136088c48ab4b978ec7321c9b7d8,
        type: 3}
      propertyPath: m_Name
      value: anm_DoorWC_WC2
      objectReference: {fileID: 0}
    - target: {fileID: 483028205440038708, guid: 0d47136088c48ab4b978ec7321c9b7d8,
        type: 3}
      propertyPath: m_LocalEulerAnglesHint.y
      value: -7.909522e-15
      objectReference: {fileID: 0}
    - target: {fileID: 973184021362425545, guid: 0d47136088c48ab4b978ec7321c9b7d8,
        type: 3}
      propertyPath: m_Layer
      value: 9
      objectReference: {fileID: 0}
    m_RemovedComponents: []
  m_SourcePrefab: {fileID: 100100000, guid: 0d47136088c48ab4b978ec7321c9b7d8, type: 3}
--- !u!1 &2924438370886070957 stripped
GameObject:
  m_CorrespondingSourceObject: {fileID: -927199367670048503, guid: 0d47136088c48ab4b978ec7321c9b7d8,
    type: 3}
  m_PrefabInstance: {fileID: 6608007855803001764}
  m_PrefabAsset: {fileID: 0}
--- !u!1 &6211921375784097133 stripped
GameObject:
  m_CorrespondingSourceObject: {fileID: 973184021362425545, guid: 0d47136088c48ab4b978ec7321c9b7d8,
    type: 3}
  m_PrefabInstance: {fileID: 6608007855803001764}
  m_PrefabAsset: {fileID: 0}
--- !u!4 &2219967770269401278 stripped
Transform:
  m_CorrespondingSourceObject: {fileID: -4216859302048453862, guid: 0d47136088c48ab4b978ec7321c9b7d8,
    type: 3}
  m_PrefabInstance: {fileID: 6608007855803001764}
  m_PrefabAsset: {fileID: 0}
--- !u!1001 &6608007855939248638
PrefabInstance:
  m_ObjectHideFlags: 0
  serializedVersion: 2
  m_Modification:
    m_TransformParent: {fileID: 6608007854445298434}
    m_Modifications:
    - target: {fileID: -6067222734196223458, guid: d0fa1b2b7e6e2014db2f4cb1f000cca5,
        type: 3}
      propertyPath: m_LocalEulerAnglesHint.z
      value: -0
      objectReference: {fileID: 0}
    - target: {fileID: -4216859302048453862, guid: d0fa1b2b7e6e2014db2f4cb1f000cca5,
        type: 3}
      propertyPath: m_LocalPosition.x
      value: -11.534104
      objectReference: {fileID: 0}
    - target: {fileID: -4216859302048453862, guid: d0fa1b2b7e6e2014db2f4cb1f000cca5,
        type: 3}
      propertyPath: m_LocalPosition.y
      value: 0
      objectReference: {fileID: 0}
    - target: {fileID: -4216859302048453862, guid: d0fa1b2b7e6e2014db2f4cb1f000cca5,
        type: 3}
      propertyPath: m_LocalPosition.z
      value: -0.4300747
      objectReference: {fileID: 0}
    - target: {fileID: -4216859302048453862, guid: d0fa1b2b7e6e2014db2f4cb1f000cca5,
        type: 3}
      propertyPath: m_LocalRotation.x
      value: -0
      objectReference: {fileID: 0}
    - target: {fileID: -4216859302048453862, guid: d0fa1b2b7e6e2014db2f4cb1f000cca5,
        type: 3}
      propertyPath: m_LocalRotation.y
      value: -0
      objectReference: {fileID: 0}
    - target: {fileID: -4216859302048453862, guid: d0fa1b2b7e6e2014db2f4cb1f000cca5,
        type: 3}
      propertyPath: m_LocalRotation.z
      value: -0
      objectReference: {fileID: 0}
    - target: {fileID: -4216859302048453862, guid: d0fa1b2b7e6e2014db2f4cb1f000cca5,
        type: 3}
      propertyPath: m_LocalRotation.w
      value: 1
      objectReference: {fileID: 0}
    - target: {fileID: -4216859302048453862, guid: d0fa1b2b7e6e2014db2f4cb1f000cca5,
        type: 3}
      propertyPath: m_RootOrder
      value: 1
      objectReference: {fileID: 0}
    - target: {fileID: -4216859302048453862, guid: d0fa1b2b7e6e2014db2f4cb1f000cca5,
        type: 3}
      propertyPath: m_LocalEulerAnglesHint.x
      value: 0
      objectReference: {fileID: 0}
    - target: {fileID: -4216859302048453862, guid: d0fa1b2b7e6e2014db2f4cb1f000cca5,
        type: 3}
      propertyPath: m_LocalEulerAnglesHint.y
      value: 0
      objectReference: {fileID: 0}
    - target: {fileID: -4216859302048453862, guid: d0fa1b2b7e6e2014db2f4cb1f000cca5,
        type: 3}
      propertyPath: m_LocalEulerAnglesHint.z
      value: 0
      objectReference: {fileID: 0}
    - target: {fileID: -2184647775868498043, guid: d0fa1b2b7e6e2014db2f4cb1f000cca5,
        type: 3}
      propertyPath: m_LocalEulerAnglesHint.y
      value: 0
      objectReference: {fileID: 0}
    - target: {fileID: -927199367670048503, guid: d0fa1b2b7e6e2014db2f4cb1f000cca5,
        type: 3}
      propertyPath: m_Name
      value: anm_DoorWC_WC1
      objectReference: {fileID: 0}
    - target: {fileID: 973184021362425545, guid: d0fa1b2b7e6e2014db2f4cb1f000cca5,
        type: 3}
      propertyPath: m_Layer
      value: 9
      objectReference: {fileID: 0}
    m_RemovedComponents: []
  m_SourcePrefab: {fileID: 100100000, guid: d0fa1b2b7e6e2014db2f4cb1f000cca5, type: 3}
--- !u!1 &6211921375919824695 stripped
GameObject:
  m_CorrespondingSourceObject: {fileID: 973184021362425545, guid: d0fa1b2b7e6e2014db2f4cb1f000cca5,
    type: 3}
  m_PrefabInstance: {fileID: 6608007855939248638}
  m_PrefabAsset: {fileID: 0}
--- !u!4 &2219967770402376420 stripped
Transform:
  m_CorrespondingSourceObject: {fileID: -4216859302048453862, guid: d0fa1b2b7e6e2014db2f4cb1f000cca5,
    type: 3}
  m_PrefabInstance: {fileID: 6608007855939248638}
  m_PrefabAsset: {fileID: 0}
--- !u!1 &2924438370751920375 stripped
GameObject:
  m_CorrespondingSourceObject: {fileID: -927199367670048503, guid: d0fa1b2b7e6e2014db2f4cb1f000cca5,
    type: 3}
  m_PrefabInstance: {fileID: 6608007855939248638}
  m_PrefabAsset: {fileID: 0}
--- !u!1001 &6608007856133799014
PrefabInstance:
  m_ObjectHideFlags: 0
  serializedVersion: 2
  m_Modification:
    m_TransformParent: {fileID: 6608007854883861258}
    m_Modifications:
    - target: {fileID: -4216859302048453862, guid: 2b8903f3f6b9f544f8993164d97434ef,
        type: 3}
      propertyPath: m_LocalPosition.x
      value: -13.396
      objectReference: {fileID: 0}
    - target: {fileID: -4216859302048453862, guid: 2b8903f3f6b9f544f8993164d97434ef,
        type: 3}
      propertyPath: m_LocalPosition.y
      value: 1.1361
      objectReference: {fileID: 0}
    - target: {fileID: -4216859302048453862, guid: 2b8903f3f6b9f544f8993164d97434ef,
        type: 3}
      propertyPath: m_LocalPosition.z
      value: 29.9182
      objectReference: {fileID: 0}
    - target: {fileID: -4216859302048453862, guid: 2b8903f3f6b9f544f8993164d97434ef,
        type: 3}
      propertyPath: m_LocalRotation.x
      value: -0
      objectReference: {fileID: 0}
    - target: {fileID: -4216859302048453862, guid: 2b8903f3f6b9f544f8993164d97434ef,
        type: 3}
      propertyPath: m_LocalRotation.y
      value: 0.7071068
      objectReference: {fileID: 0}
    - target: {fileID: -4216859302048453862, guid: 2b8903f3f6b9f544f8993164d97434ef,
        type: 3}
      propertyPath: m_LocalRotation.z
      value: -0
      objectReference: {fileID: 0}
    - target: {fileID: -4216859302048453862, guid: 2b8903f3f6b9f544f8993164d97434ef,
        type: 3}
      propertyPath: m_LocalRotation.w
      value: 0.7071068
      objectReference: {fileID: 0}
    - target: {fileID: -4216859302048453862, guid: 2b8903f3f6b9f544f8993164d97434ef,
        type: 3}
      propertyPath: m_RootOrder
      value: 0
      objectReference: {fileID: 0}
    - target: {fileID: -4216859302048453862, guid: 2b8903f3f6b9f544f8993164d97434ef,
        type: 3}
      propertyPath: m_LocalEulerAnglesHint.x
      value: 0
      objectReference: {fileID: 0}
    - target: {fileID: -4216859302048453862, guid: 2b8903f3f6b9f544f8993164d97434ef,
        type: 3}
      propertyPath: m_LocalEulerAnglesHint.y
      value: 0
      objectReference: {fileID: 0}
    - target: {fileID: -4216859302048453862, guid: 2b8903f3f6b9f544f8993164d97434ef,
        type: 3}
      propertyPath: m_LocalEulerAnglesHint.z
      value: 0
      objectReference: {fileID: 0}
    - target: {fileID: -4216859302048453862, guid: 2b8903f3f6b9f544f8993164d97434ef,
        type: 3}
      propertyPath: m_LocalScale.x
      value: 0.34999993
      objectReference: {fileID: 0}
    - target: {fileID: -4216859302048453862, guid: 2b8903f3f6b9f544f8993164d97434ef,
        type: 3}
      propertyPath: m_LocalScale.y
      value: 0.35
      objectReference: {fileID: 0}
    - target: {fileID: -4216859302048453862, guid: 2b8903f3f6b9f544f8993164d97434ef,
        type: 3}
      propertyPath: m_LocalScale.z
      value: 0.34999993
      objectReference: {fileID: 0}
    - target: {fileID: -1504981713932161579, guid: 2b8903f3f6b9f544f8993164d97434ef,
        type: 3}
      propertyPath: m_CastShadows
      value: 0
      objectReference: {fileID: 0}
    - target: {fileID: -927199367670048503, guid: 2b8903f3f6b9f544f8993164d97434ef,
        type: 3}
      propertyPath: m_Name
      value: icn019_BabyTable
      objectReference: {fileID: 0}
    - target: {fileID: -927199367670048503, guid: 2b8903f3f6b9f544f8993164d97434ef,
        type: 3}
      propertyPath: m_Layer
      value: 9
      objectReference: {fileID: 0}
    m_RemovedComponents: []
  m_SourcePrefab: {fileID: 100100000, guid: 2b8903f3f6b9f544f8993164d97434ef, type: 3}
--- !u!4 &2219967770546788220 stripped
Transform:
  m_CorrespondingSourceObject: {fileID: -4216859302048453862, guid: 2b8903f3f6b9f544f8993164d97434ef,
    type: 3}
  m_PrefabInstance: {fileID: 6608007856133799014}
  m_PrefabAsset: {fileID: 0}
--- !u!1 &2924438370074961263 stripped
GameObject:
  m_CorrespondingSourceObject: {fileID: -927199367670048503, guid: 2b8903f3f6b9f544f8993164d97434ef,
    type: 3}
  m_PrefabInstance: {fileID: 6608007856133799014}
  m_PrefabAsset: {fileID: 0}
--- !u!1001 &8429940679477497289
PrefabInstance:
  m_ObjectHideFlags: 0
  serializedVersion: 2
  m_Modification:
    m_TransformParent: {fileID: 6608007854445298434}
    m_Modifications:
    - target: {fileID: -4216859302048453862, guid: 4f1e4fd417aa2634fbde8f45f0881074,
        type: 3}
      propertyPath: m_LocalPosition.x
      value: 0
      objectReference: {fileID: 0}
    - target: {fileID: -4216859302048453862, guid: 4f1e4fd417aa2634fbde8f45f0881074,
        type: 3}
      propertyPath: m_LocalPosition.y
      value: 0
      objectReference: {fileID: 0}
    - target: {fileID: -4216859302048453862, guid: 4f1e4fd417aa2634fbde8f45f0881074,
        type: 3}
      propertyPath: m_LocalPosition.z
      value: 0
      objectReference: {fileID: 0}
    - target: {fileID: -4216859302048453862, guid: 4f1e4fd417aa2634fbde8f45f0881074,
        type: 3}
      propertyPath: m_LocalRotation.x
      value: -0
      objectReference: {fileID: 0}
    - target: {fileID: -4216859302048453862, guid: 4f1e4fd417aa2634fbde8f45f0881074,
        type: 3}
      propertyPath: m_LocalRotation.y
      value: -0
      objectReference: {fileID: 0}
    - target: {fileID: -4216859302048453862, guid: 4f1e4fd417aa2634fbde8f45f0881074,
        type: 3}
      propertyPath: m_LocalRotation.z
      value: -0
      objectReference: {fileID: 0}
    - target: {fileID: -4216859302048453862, guid: 4f1e4fd417aa2634fbde8f45f0881074,
        type: 3}
      propertyPath: m_LocalRotation.w
      value: 1
      objectReference: {fileID: 0}
    - target: {fileID: -4216859302048453862, guid: 4f1e4fd417aa2634fbde8f45f0881074,
        type: 3}
      propertyPath: m_RootOrder
      value: 5
      objectReference: {fileID: 0}
    - target: {fileID: -4216859302048453862, guid: 4f1e4fd417aa2634fbde8f45f0881074,
        type: 3}
      propertyPath: m_LocalEulerAnglesHint.x
      value: 0
      objectReference: {fileID: 0}
    - target: {fileID: -4216859302048453862, guid: 4f1e4fd417aa2634fbde8f45f0881074,
        type: 3}
      propertyPath: m_LocalEulerAnglesHint.y
      value: 90
      objectReference: {fileID: 0}
    - target: {fileID: -4216859302048453862, guid: 4f1e4fd417aa2634fbde8f45f0881074,
        type: 3}
      propertyPath: m_LocalEulerAnglesHint.z
      value: 0
      objectReference: {fileID: 0}
    - target: {fileID: -4216859302048453862, guid: 4f1e4fd417aa2634fbde8f45f0881074,
        type: 3}
      propertyPath: m_LocalScale.x
      value: 1
      objectReference: {fileID: 0}
    - target: {fileID: -4216859302048453862, guid: 4f1e4fd417aa2634fbde8f45f0881074,
        type: 3}
      propertyPath: m_LocalScale.z
      value: 1
      objectReference: {fileID: 0}
    - target: {fileID: -927199367670048503, guid: 4f1e4fd417aa2634fbde8f45f0881074,
        type: 3}
      propertyPath: m_Name
      value: G2_WC
      objectReference: {fileID: 0}
    m_RemovedComponents: []
  m_SourcePrefab: {fileID: 100100000, guid: 4f1e4fd417aa2634fbde8f45f0881074, type: 3}
--- !u!4 &3568995694981588691 stripped
Transform:
  m_CorrespondingSourceObject: {fileID: -4216859302048453862, guid: 4f1e4fd417aa2634fbde8f45f0881074,
    type: 3}
  m_PrefabInstance: {fileID: 8429940679477497289}
  m_PrefabAsset: {fileID: 0}
